<?xml version="1.0" encoding="UTF-8"?><record xmlns="http://www.loc.gov/MARC21/slim" xmlns:cinclude="http://apache.org/cocoon/include/1.0" xmlns:zs="http://www.loc.gov/zing/srw/">
  <leader>01015cz  a2200217n  4500</leader>
  <controlfield tag="001">n 2009063150</controlfield>
  <controlfield tag="003">DLC</controlfield>
  <controlfield tag="005">20130327075046.0</controlfield>
  <controlfield tag="008">091002n| azannaabn          |b aaa      </controlfield>
  <datafield tag="010" ind1=" " ind2=" ">
    <subfield code="a">n 2009063150</subfield>
  </datafield>
  <datafield tag="040" ind1=" " ind2=" ">
    <subfield code="a">DLC</subfield>
    <subfield code="b">eng</subfield>
    <subfield code="e">rda</subfield>
    <subfield code="c">DLC</subfield>
    <subfield code="d">DLC</subfield>
  </datafield>
  <datafield tag="046" ind1=" " ind2=" ">
    <subfield code="f">[1920,1921]</subfield>
    <subfield code="2">edtf</subfield>
  </datafield>
  <datafield tag="100" ind1="1" ind2=" ">
    <subfield code="a">Ākhūnd Naẓarī, Yār Muḥammad,</subfield>
    <subfield code="d">1920 or 1921-</subfield>
  </datafield>
  <datafield tag="400" ind1="1" ind2=" ">
    <subfield code="a">Ākhūnd Naẓarī, Muḥammad,</subfield>
    <subfield code="d">1920 or 1921-</subfield>
  </datafield>
  <datafield tag="400" ind1="1" ind2=" ">
    <subfield code="w">nnea</subfield>
    <subfield code="a">Ākhūnd Naẓarī, Yār Muḥammad,</subfield>
    <subfield code="d">1920 or 21-</subfield>
  </datafield>
  <datafield tag="400" ind1="1" ind2=" ">
    <subfield code="a">Naẓarī, Muḥammad Ākhūnd,</subfield>
    <subfield code="d">1920 or 1921-</subfield>
  </datafield>
  <datafield tag="400" ind1="1" ind2=" ">
    <subfield code="a">Naẓarī, Yār Muḥammad Ākhūnd,</subfield>
    <subfield code="d">1920 or 1921-</subfield>
  </datafield>
  <datafield tag="400" ind1="1" ind2=" ">
    <subfield code="a">آخوند نظرى، يار محمد</subfield>
  </datafield>
  <datafield tag="400" ind1="1" ind2=" ">
    <subfield code="a">آخوند نظرى، محمد</subfield>
  </datafield>
  <datafield tag="667" ind1=" " ind2=" ">
    <subfield code="a">Non-Latin script references not evaluated</subfield>
  </datafield>
  <datafield tag="670" ind1=" " ind2=" ">
    <subfield code="a">Qarah Būlāq, 2001:</subfield>
    <subfield code="b">t.p. (استاد حاج يار محمد آخوند نظرى = ustād Ḥājj Yār Muḥammad Ākhūnd Naẓarī) t.p. verso (Iranian CIP data: Ākhūnd Naẓarī, Yār Muḥammad; b. 1299 [1920 or 21])</subfield>
  </datafield>
</record>